<mx:record xmlns="http://www.w3.org/TR/xhtml1/strict" xmlns:mx="http://www.loc.gov/MARC21/slim" xmlns:xsi="http://www.w3.org/2001/XMLSchema-instance"><mx:leader>00000cz   2200000n  0000</mx:leader><mx:controlfield tag="001">oca01859104 </mx:controlfield><mx:controlfield tag="005">20040225092919.0</mx:controlfield><mx:controlfield tag="008">870520n| acannaabn          |a aaa      </mx:controlfield><mx:datafield ind1=" " ind2=" " tag="010"><mx:subfield code="a">n  86119002</mx:subfield></mx:datafield><mx:datafield ind1=" " ind2=" " tag="040"><mx:subfield code="a">DLC</mx:subfield><mx:subfield code="b">eng</mx:subfield><mx:subfield code="c">DLC</mx:subfield><mx:subfield code="d">DLC</mx:subfield><mx:subfield code="d">TNJ</mx:subfield><mx:subfield code="d">OCoLC</mx:subfield><mx:subfield code="d">DLC</mx:subfield></mx:datafield><mx:datafield ind1=" " ind2="0" tag="053"><mx:subfield code="a">PA3998.H26</mx:subfield></mx:datafield><mx:datafield ind1="0" ind2=" " tag="100"><mx:subfield code="a">Hephaestion</mx:subfield></mx:datafield><mx:datafield ind1="0" ind2=" " tag="400"><mx:subfield code="a">Hēphaistiōn</mx:subfield></mx:datafield><mx:datafield ind1="0" ind2=" " tag="400"><mx:subfield code="a">Hefestión</mx:subfield></mx:datafield><mx:datafield ind1=" " ind2=" " tag="670"><mx:subfield code="a">Ophuijsen, J.M. Hephaestion on metre, 1987:</mx:subfield><mx:subfield code="b">CIP t.p. (Hephaestion)</mx:subfield></mx:datafield><mx:datafield ind1=" " ind2=" " tag="670"><mx:subfield code="a">Oxford class. dict.</mx:subfield><mx:subfield code="b">(Hephaestion, metrist, probably to be identified with the tutor of Verus (A.D. 130-69))</mx:subfield></mx:datafield><mx:datafield ind1=" " ind2=" " tag="670"><mx:subfield code="a">Megalē Hellēnikē enkykl.</mx:subfield><mx:subfield code="b">(Hēphaistiōn)</mx:subfield></mx:datafield><mx:datafield ind1=" " ind2=" " tag="670"><mx:subfield code="a">Urrea Méndez, J., El léxico métrico de Hefestión, 2003.</mx:subfield></mx:datafield></mx:record>